@article{aslaksen,
	author = {Helmer Aslaksen},
	title =  {Quaternionic Determinants},
	journal = {The Mathematical Intelligencer},
	year = {1996}
}

@MISC{jia,
	author = {Yan-Bin Jia},
	title = {Rotation in the Space},
	school = {Iowa State University},
	year = {2016},
	month = {September},
	url = {http://web.cs.iastate.edu/~cs577/handouts/rotation.pdf}
}

@book{goldstein,
	author = {H. Goldstein and C. Poole and J. Safko},
	title = {Classical Mechanics},
	url = {http://www.cmi.ac.in/~souvik/books/mech/Goldstein.pdf}
}

@MISC{lerios,
	author = {Apostolos Lerios},
	title = {Rotations and Quaternions},
	school = {Stanford University},
	year = {1995},
	month = {December},
	url = {https://pdfs.semanticscholar.org/6515/439d680b3654799a1143d411707cf782482c.pdf}
}

@MISC{wolfram,
	author = {Weisstein, Eric W.},
	title = {Complex Structure, From MathWorld - A Wolfram Web Resource},
	url = {http://mathworld.wolfram.com/ComplexStructure.html}
}

@mastersthesis{stamaria,
	author = {John Patrick B. Sta. Maria},
	title = {The Sum of Coninvolutory Matrices},
	school = {University of the Philippines},
	address = {Diliman, Quezon City},
	year = {2012}
}

@MISC {stack,
    TITLE = {On complexifying vector spaces},
    AUTHOR = {Marc van Leeuwen (https://math.stackexchange.com/users/18880/marc-van-leeuwen)},
    HOWPUBLISHED = {Mathematics Stack Exchange},
    NOTE = {URL:https://math.stackexchange.com/q/85198 (version: 2011-11-24)},
    EPRINT = {https://math.stackexchange.com/q/85198},
    URL = {https://math.stackexchange.com/q/85198}
}

@article{brenner,
	author = {J.L. ,Brenner},
	title = {Applications of the Dieudonne Determinant},
	journal = {Linear Algebra and Its Applications},
	year = {1968}
}

@misc{balmens,
	author = {Gerard Balmes},
	title = {Rotating a Unit Vector in 3D Using Quaternions},
	url = { http://demonstrations.wolfram.com/RotatingAUnitVectorIn3DUsingQuaternions/},
	howpublished = {Wolfram Demonstrations Project},
	year = {2016},
	month = {February},
	day = {15}
}

@misc{bell,
	author = {Jordan Bell},
	title = {Complexification, Complex Structures, and Linear Ordinary Differential Equations},
	url = { http://individual.utoronto.ca/jordanbell/notes/complexification.pdf},
	year = {2014},
	month = {April},
	day = {3}
}

@misc{strauch,
	author = {Frederick W. Strauch},
	title = {Euler Angles},
	url = { http://demonstrations.wolfram.com/EulerAngles/},
	howpublished = {Wolfram Demonstrations Project},
	year = {2011},
	month = {August},
	day = {15}
}